@ARTICLE{
    complexmeasures,
    AUTHOR="Ho, Tin Kam and Basu, Mitra",
    TITLE="Complexity Measures of Supervised Classification Problems"
}

@ARTICLE{
    sarahnogueira,
    AUTHOR="Nogueira, Sarah and Sechidis, Konstantinos and Brown, Gavin",
    TITLE="On the Stability of Feature Selection Algorithms"
}
